@misc{wiki:Breadth-first_search,
  author = "Wikipedia",
  title = "{Breadth-first search} --- {W}ikipedia{,} The Free Encyclopedia",
  year = "2018",
  howpublished = {\url{http://en.wikipedia.org/w/index.php?title=Breadth-first\%20search&oldid=859985379}},
  note = "[Online; accessed 02-October-2018]"
}
