@article{DBLP:journals/nature/SilverHMGSDSAPL16,
  author    = {David Silver and
               Aja Huang and
               Chris J. Maddison and
               Arthur Guez and
               Laurent Sifre and
               George van den Driessche and
               Julian Schrittwieser and
               Ioannis Antonoglou and
               Vedavyas Panneershelvam and
               Marc Lanctot and
               Sander Dieleman and
               Dominik Grewe and
               John Nham and
               Nal Kalchbrenner and
               Ilya Sutskever and
               Timothy P. Lillicrap and
               Madeleine Leach and
               Koray Kavukcuoglu and
               Thore Graepel and
               Demis Hassabis},
  title     = {Mastering the game of Go with deep neural networks and tree search},
  journal   = {Nature},
  volume    = {529},
  number    = {7587},
  pages     = {484--489},
  year      = {2016},
  publisher={Nature Publishing Group},
  url       = {https://doi.org/10.1038/nature16961},
  doi       = {10.1038/nature16961},
  timestamp = {Sat, 20 May 2017 00:24:51 +0200},
  biburl    = {https://dblp.org/rec/bib/journals/nature/SilverHMGSDSAPL16},
  bibsource = {dblp computer science bibliography, https://dblp.org}
}

@article{silver2017mastering,
  author={Silver, David and
          Schrittwieser, Julian and
          Simonyan, Karen and
          Antonoglou, Ioannis and
          Huang, Aja and
          Guez, Arthur and
          Hubert, Thomas and
          Baker, Lucas and
          Lai, Matthew and
          Bolton, Adrian and
          Chen, Yutian and
          Lillicrap, Timothy and
          Hui, Fan and
          Sifre, Laurent and
          van den Driessche, George and
          Graepel, Thore and
          Hassabis, Demis},
  title={Mastering the game of Go without human knowledge},
  journal={Nature},
  volume={550},
  number={7676},
  pages={354â€“359},
  year={2017},
  publisher={Nature Publishing Group},
  url={https://doi.org/10.1038/nature24270},
  doi={10.1038/nature24270}
}

@online{wiki:Monte_Carlo_tree_search,
  author = "Wikipedia",
  title = "{Monte Carlo tree search} --- {W}ikipedia{,} The Free Encyclopedia",
  year = "2018",
  note = {\url{http://en.wikipedia.org/w/index.php?title=Monte\%20Carlo\%20tree\%20search&oldid=861632663}}
}

@inproceedings{DBLP:conf/aiide/ChaslotBSS08,
  author    = {Guillaume Chaslot and
               Sander Bakkes and
               Istvan Szita and
               Pieter Spronck},
  title     = {Monte-Carlo Tree Search: {A} New Framework for Game {AI}},
  booktitle = {Proceedings of the Fourth Artificial Intelligence and Interactive
               Digital Entertainment Conference, October 22-24, 2008, Stanford, California,
               {USA}},
  publisher = {The {AAAI} Press},
  year      = {2008},
  url       = {http://www.aaai.org/Library/AIIDE/2008/aiide08-036.php},
  timestamp = {Wed, 12 Dec 2012 16:45:08 +0100},
  biburl    = {https://dblp.org/rec/bib/conf/aiide/ChaslotBSS08},
  bibsource = {dblp computer science bibliography, https://dblp.org}
}

@article{binder1993monte,
  title={Monte Carlo simulation in statistical physics},
  author={Binder, Kurt and Heermann, Dieter and Roelofs, Lyle and Mallinckrodt, A John and McKay, Susan},
  journal={Computers in Physics},
  volume={7},
  number={2},
  pages={156--157},
  year={1993},
  publisher={AIP}
}

@techreport{brugmann1993monte,
  title={Monte carlo go},
  author={Br{\"u}gmann, Bernd},
  year={1993},
  institution={Citeseer}
}

@inproceedings{DBLP:conf/ecml/KocsisS06,
  author    = {Levente Kocsis and
               Csaba Szepesv{\'{a}}ri},
  title     = {Bandit Based Monte-Carlo Planning},
  booktitle = {Machine Learning: {ECML} 2006, 17th European Conference on Machine
               Learning, Berlin, Germany, September 18-22, 2006, Proceedings},
  series    = {Lecture Notes in Computer Science},
  volume    = {4212},
  pages     = {282--293},
  publisher = {Springer},
  year      = {2006},
  url       = {https://doi.org/10.1007/11871842\_29},
  doi       = {10.1007/11871842\_29},
  timestamp = {Tue, 26 Jun 2018 14:12:35 +0200},
  biburl    = {https://dblp.org/rec/bib/conf/ecml/KocsisS06},
  bibsource = {dblp computer science bibliography, https://dblp.org}
}

@inproceedings{DBLP:conf/cig/WangG07,
  author    = {Yizao Wang and
               Sylvain Gelly},
  title     = {Modifications of {UCT} and sequence-like simulations for Monte-Carlo
               Go},
  booktitle = {Proceedings of the 2007 {IEEE} Symposium on Computational Intelligence
               and Games, {CIG} 2007, Honolulu, Hawaii, USA, 1-5 April, 2007},
  pages     = {175--182},
  publisher = {{IEEE}},
  year      = {2007},
  url       = {https://doi.org/10.1109/CIG.2007.368095},
  doi       = {10.1109/CIG.2007.368095},
  timestamp = {Fri, 02 Jun 2017 20:47:16 +0200},
  biburl    = {https://dblp.org/rec/bib/conf/cig/WangG07},
  bibsource = {dblp computer science bibliography, https://dblp.org}
}

@inproceedings{DBLP:conf/icml/GellyS07,
  author    = {Sylvain Gelly and
               David Silver},
  editor    = {Zoubin Ghahramani},
  title     = {Combining online and offline knowledge in {UCT}},
  booktitle = {Machine Learning, Proceedings of the Twenty-Fourth International Conference
               {(ICML} 2007), Corvallis, Oregon, USA, June 20-24, 2007},
  series    = {{ACM} International Conference Proceeding Series},
  volume    = {227},
  pages     = {273--280},
  publisher = {{ACM}},
  year      = {2007},
  url       = {http://doi.acm.org/10.1145/1273496.1273531},
  doi       = {10.1145/1273496.1273531},
  timestamp = {Fri, 01 Jul 2011 12:24:37 +0200},
  biburl    = {https://dblp.org/rec/bib/conf/icml/GellyS07},
  bibsource = {dblp computer science bibliography, https://dblp.org}
}

@online{web:react,
  author = "Facebook",
  title = "React: A JavaScript library for building user interfaces",
  year = "2018",
  note = {\url{https://reactjs.org/}}
}

@online{web:medium_mcts,
  author = "Michael Liu",
  title = "{I}mplementing {M}onte {C}arlo {T}ree {S}earch in {N}ode.js",
  year = "2018",
  month = "{July}",
  note = {\url{https://medium.com/@quasimik}}
}

@article{DBLP:journals/ai/GellyS11,
  author    = {Sylvain Gelly and
               David Silver},
  title     = {Monte-Carlo tree search and rapid action value estimation in computer
               Gno},
  journal   = {Artif. Intell.},
  volume    = {175},
  number    = {11},
  pages     = {1856--1875},
  year      = {2011},
  url       = {https://doi.org/10.1016/j.artint.2011.03.007},
  doi       = {10.1016/j.artint.2011.03.007},
  timestamp = {Sat, 27 May 2017 14:24:42 +0200},
  biburl    = {https://dblp.org/rec/bib/journals/ai/GellyS11},
  bibsource = {dblp computer science bibliography, https://dblp.org}
}
